@article{PermAcc,
 author = {Bornat, Richard and Calcagno, Cristiano and O'Hearn, Peter and Parkinson, Matthew},
 title = {{P}ermission {A}ccounting in {S}eparation {L}ogic},
 journal = {SIGPLAN Not.},
 volume = {40},
 number = {1},
 year = {2005},
 pages = {259--270},
 publisher = {ACM},
}
@article{hoarecalc,
 author = {Hoare, C. A. R.},
 title = {{A}n {A}xiomatic {B}asis for {C}omputer {P}rogramming},
 journal = {Commun. ACM},
 volume = {12},
 number = {10},
 year = {1969},
 pages = {576--580},
 publisher = {ACM},
}
@article{Primer,
 author = {Peter O'Hearn},
 title = {A {P}rimer on {S}eparation {L}ogic (and {A}utomatic {P}rogram {V}erification and {A}nalysis)},
 year = {2012},
 pages = {286--318},
 volume = {33},
 journal = {NATO Science for Peace and Security Series, Sub-series D: Information and Communication Security},
}
@inproceedings{seplogproof,
 author = {Calcagno, Cristiano and O'Hearn, Peter W. and Yang, Hongseok},
 title = {{L}ocal {A}ction and {A}bstract {S}eparation {L}ogic},
 booktitle = {Proceedings of the 22nd Annual IEEE Symposium on Logic in Computer Science},
 series = {LICS '07},
 year = {2007},
 pages = {366--378},
 publisher = {IEEE Computer Society},
}

@article{storeperm, 
	title = "{V}ariables as {R}esource for {S}hared-{M}emory {P}rograms: {S}emantics and {S}oundness ", 
	journal = "Electronic Notes in Theoretical Computer Science ", 
	volume = "158", 
	number = "0", 
	pages = "123 - 150", 
	year = "2006", 
	author = "Stephen Brookes", 
} 

@article{ConcurrencyInSepLogic,
 author = {O'Hearn, Peter W.},
 title = {{R}esources, {C}oncurrency, and {L}ocal {R}easoning},
 journal = {Theor. Comput. Sci.},
 volume = {375},
 number = {1-3},
 year = {2007},
 pages = {271--307},
 publisher = {Elsevier Science Publishers Ltd.},
}
@inproceedings{freshlook,
 author = {Dockins, Robert and Hobor, Aquinas and Appel, Andrew W.},
 title = {{A} {F}resh {L}ook at {S}eparation {A}lgebras and {S}hare {A}ccounting},
 booktitle = {Proceedings of the 7th Asian Symposium on Programming Languages and Systems},
 series = {APLAS '09},
 year = {2009},
 pages = {161--177},
 publisher = {Springer-Verlag},
}
@inproceedings{sembasis,
 author = {Yang, Hongseok and O'Hearn, Peter W.},
 title = {{A} {S}emantic {B}asis for {L}ocal {R}easoning},
 booktitle = {Proceedings of the 5th International Conference on Foundations of Software Science and Computation Structures},
 series = {FoSSaCS '02},
 year = {2002},
 pages = {402--416},
 publisher = {Springer-Verlag},
} 
